@TechReport{ souci:2014,
  author      = "Souci, Benjamin and Lemaire, Maude",
  title       = "An Inside Look at the Architecture of NodeJS",
  institution = "McGill University",
  year        = 2014,
}